<record><leader>00000cas a22000007a 4500</leader><controlfield tag="001">16409592</controlfield><controlfield tag="008">870808d19571975iauwr ne      0    0eng d</controlfield><datafield ind1=" " ind2=" " tag="010"><subfield code="a">sn 87057791 </subfield></datafield><datafield ind1=" " ind2=" " tag="040"><subfield code="a">INP</subfield><subfield code="b">eng</subfield><subfield code="c">INP</subfield><subfield code="d">OCLCQ</subfield></datafield><datafield ind1=" " ind2=" " tag="042"><subfield code="a">msc</subfield></datafield><datafield ind1="0" ind2="4" tag="245"><subfield code="a">The Milford mail and the Terril record.</subfield></datafield><datafield ind1="3" ind2="0" tag="246"><subfield code="a">Milford mail, the Terril record</subfield></datafield><datafield ind1="1" ind2="3" tag="246"><subfield code="a">Milford mail</subfield></datafield><datafield ind1=" " ind2=" " tag="260"><subfield code="a">Milford, Dickinson County, Iowa :</subfield><subfield code="b">A. Schuneman,</subfield><subfield code="c">1957-1975.</subfield></datafield><datafield ind1=" " ind2=" " tag="300"><subfield code="a">17 v.</subfield></datafield><datafield ind1=" " ind2=" " tag="310"><subfield code="a">Weekly</subfield></datafield><datafield ind1="0" ind2=" " tag="362"><subfield code="a">Vol. 75, no. 45 (Nov. 7, 1957)-v. 91, no. 35 (Aug. 28, 1975).</subfield></datafield><datafield ind1=" " ind2=" " tag="500"><subfield code="a">Published as: The Milford mail, the Terril record, &lt;Dec. 3, 1970&gt;-Aug. 28, 1975.</subfield></datafield><datafield ind1=" " ind2=" " tag="500"><subfield code="a">Publisher varies.</subfield></datafield><datafield ind1=" " ind2=" " tag="752"><subfield code="a">United States</subfield><subfield code="b">Iowa</subfield><subfield code="c">Dickinson</subfield><subfield code="d">Milford.</subfield></datafield><datafield ind1=" " ind2=" " tag="752"><subfield code="a">United States</subfield><subfield code="b">Iowa</subfield><subfield code="c">Dickinson</subfield><subfield code="d">Terril.</subfield></datafield><datafield ind1="0" ind2="4" tag="780"><subfield code="t">Milford mail (Milford, Iowa)</subfield><subfield code="w">(DLC)sn 87057310</subfield></datafield><datafield ind1="0" ind2="4" tag="780"><subfield code="t">Terril record</subfield><subfield code="w">(DLC)sn 87057304</subfield></datafield><datafield ind1="0" ind2="7" tag="785"><subfield code="t">Lake Park news (Lake Park, Iowa : 1890)</subfield><subfield code="w">(DLC)sn 87057568</subfield></datafield><datafield ind1="0" ind2="7" tag="785"><subfield code="t">Dickinson County mail news</subfield><subfield code="w">(DLC)sn 87057792</subfield></datafield></record>